@misc{androidmarketshare1,
    title={{Mobile Operating System Market Share Worldwide}},
    howpublished={\url{http://gs.statcounter.com/os-market-share/mobile}},
    note={Accesat pe 2018-06-04}
}

@misc{androidmarketshare2,
    title={{Smartphone OS global market share 2009-2018}},
    howpublished={\url{https://www.statista.com/statistics/266136/global-market-share-held-by-smartphone-operating-systems/}},
    note={Accesat pe 2018-06-04}
}

@misc{wiki:deadcodeelimination,
    author = {{Wikipedia contributors}},
    title = {Dead code elimination --- {Wikipedia}{,} The Free Encyclopedia},
    year = {2018},
    howpublished = {\url{https://en.wikipedia.org/w/index.php?title=Dead_code_elimination&oldid=841070703}},
    note = {[Online; accessed 4-June-2018]}
}

@misc{deadcodeeliminationforbeginners,
    author = {{Rob Sayre}},
    title = {{Dead code elimination for beginners}},
    year = {2010},
    howpublished = {\url{http://chris.improbable.org/2010/11/17/dead-code-elimination-for-beginners/}},
    note = {[Online; accessed 4-June-2018]}
}

@misc{proguard,
    author = {{Guard Square}},
    title = {{ProGuard}},
    year = {2016},
    howpublished = {\url{https://www.guardsquare.com/en/proguard}},
    note = {[Online; accessed 4-June-2018]}
}

@misc{proguard_google,
    author = {{Goole}},
    title = {{Deadcode elimination}},
    howpublished = {\url{https://developers.google.com/j2objc/guides/dead-code-elimination}},
    note = {[Online; accessed 4-June-2018]}
}
